<?xml version="1.0" encoding="UTF-8"?><collection xmlns="http://www.loc.gov/MARC21/slim"><record><leader>00726nam--2200181-i-4500</leader><controlfield tag="001">000049151</controlfield><controlfield tag="002">20161230</controlfield><controlfield tag="005">20161230201047</controlfield><controlfield tag="008">060222s1000------------r-----000-0-fre-d</controlfield><datafield ind1=" " ind2=" " tag="040"><subfield code="a">IFIN-HH</subfield></datafield><datafield ind1=" " ind2=" " tag="041"><subfield code="a">fre</subfield></datafield><datafield ind1=" " ind2=" " tag="080"><subfield code="a">539.122.13(043)</subfield></datafield><datafield ind1="1" ind2=" " tag="100"><subfield code="a">Augerat, Jacky</subfield></datafield><datafield ind1="1" ind2="0" tag="245"><subfield code="a">Etude des sections efficaces differentielles angulaires de materialisation dans le champ du noyau avec des photons monoenergetiques. utilisation d'une chmbre a streamers a helium pour l'etude de la reaction: (...) au voisinage du seuil. nouveaux criteres D'ANALYSE DES EVENEMENTS</subfield><subfield code="b">These</subfield><subfield code="c">Jacky augerat</subfield></datafield><datafield ind1=" " ind2=" " tag="260"><subfield code="a">Clermont</subfield><subfield code="b">Univeriste De Clermont-ferrand</subfield><subfield code="c">1972</subfield></datafield><datafield ind1=" " ind2=" " tag="300"><subfield code="a">120P</subfield></datafield><datafield ind1=" " ind2=" " tag="852"><subfield code="a">40473</subfield><subfield code="c">539.12</subfield></datafield><datafield ind1=" " ind2=" " tag="CAT"><subfield code="a">Sys</subfield><subfield code="c">20111123</subfield><subfield code="h">165719</subfield></datafield></record></collection>